@inproceedings{arts-coding,
 author = {Author One, Author Two, Author Three},
 title = {A Pilot Project for Middle-School Outreach},
 booktitle = {Proceedings of an Unnamed Conference},
 year = {2017},
 isbn = {978-1-4503-4698-6},
 location = {Here, There, Everywhere},
 pages = {123--129},
 numpages = {6},
 publisher = {ACM},
 address = {New York, NY, USA},
 keywords = {CSG-ED, code camp, coding for social good, gender, media computation, middle school, processing, race},
}

@inproceedings{dssg-sigcse-2018,
 author = {AUthor One, Author Two, Author Three},
 title = {A Middle-School Code Camp Experience Emphasizing Data Science for Social Good: (Abstract Only)},
 booktitle = {Proceedings of the 49th ACM Technical Symposium on Computer Science Education},
 series = {SIGCSE '18},
 year = {2018},
 isbn = {978-1-4503-5103-4},
 location = {Baltimore, Maryland, USA},
 pages = {1088--1088},
 numpages = {1},
 url = {http://doi.acm.org/10.1145/3159450.3162313},
 doi = {10.1145/3159450.3162313},
 acmid = {3162313},
 publisher = {ACM},
 address = {New York, NY, USA},
 keywords = {bbc micro:bits, code camp, csg-ed, data science, ds4sg, outreach (middle school)},
} 

@inproceedings{code-camp-survey-sigcse-2017,
 author = {Author One, Author Two, Author Three},
 title = {What We Say vs. What They Do: A Comparison of Middle-School Coding Camps in the CS Education Literature and Mainstream Coding Camps (Abstract Only)},
 booktitle = {Proceedings of the 2017 ACM SIGCSE Technical Symposium on Computer Science Education},
 series = {SIGCSE '17},
 year = {2017},
 isbn = {978-1-4503-4698-6},
 location = {Seattle, Washington, USA},
 pages = {707--707},
 numpages = {1},
 url = {http://doi.acm.org/10.1145/3017680.3022434},
 doi = {10.1145/3017680.3022434},
 acmid = {3022434},
 publisher = {ACM},
 address = {New York, NY, USA},
 keywords = {code camp, diversity, gender, middle school, outreach, race},
} 
