@inproceedings{arts-coding,
 author = {DeWitt, Anita and Fay, Julia and Goldman, Madeleine and Nicolson, Eleanor and Oyolu, Linda and Resch, Lukas and Salda\~{n}a, Jovan Martinez and Sounalath, Soulideth and Williams, Tyler and Yetter, Kathryn and Zak, Elizabeth and Brown, Narren and Rebelsky, Samuel A.},
 title = {Arts Coding for Social Good: A Pilot Project for Middle-School Outreach},
 booktitle = {Proceedings of the 2017 ACM SIGCSE Technical Symposium on Computer Science Education},
 series = {SIGCSE '17},
 year = {2017},
 isbn = {978-1-4503-4698-6},
 location = {Seattle, Washington, USA},
 pages = {159--164},
 numpages = {6},
 url = {http://doi.acm.org/10.1145/3017680.3017795},
 doi = {10.1145/3017680.3017795},
 acmid = {3017795},
 publisher = {ACM},
 address = {New York, NY, USA},
 keywords = {CSG-ED, code camp, coding for social good, gender, media computation, middle school, processing, race},
} 

@inproceedings{dssg-sigcse-2018,
 author = {Bryant, Caelin and Gilmour, Jonathan and Herce-Hagiwara, Beatriz and Pham, Anh Thu and Remash, Halle and Remash, Marli and Zimmerman, Jonah and Dahlby Albright, Sarah and Rebelsky, Samuel A.},
 title = {A Middle-School Code Camp Experience Emphasizing Data Science for Social Good (Poster)},
 booktitle = {Proceedings of the 49th ACM Technical Symposium on Computer Science Education},
 series = {SIGCSE '18},
 year = {2018},
 isbn = {978-1-4503-5103-4},
 location = {Baltimore, Maryland, USA},
 pages = {1088--1088},
 numpages = {1},
 url = {http://doi.acm.org/10.1145/3159450.3162313},
 doi = {10.1145/3159450.3162313},
 acmid = {3162313},
 publisher = {ACM},
 address = {New York, NY, USA},
 keywords = {bbc micro:bits, code camp, csg-ed, data science, ds4sg, outreach (middle school)},
} 

@inproceedings{dssg-sigcse-2019,
 author = {Bryant, Caelin and Chen, Yesheng and Chen, Zhen and Gilmour, Jonathan and Gumidyala, Shyamala and Herce-Hagiwara, Beatriz and Msekela, James Pham, Anh Thu and Remash, Halle and Remash, Marli and and Schoenle, Nolan and Zimmerman, Jonah and Dahlby Albright, Sarah and Rebelsky, Samuel A.},
 title = {A Middle-School Code Camp Emphasizing Data Science for Social Good},
 booktitle = {Proceedings of the 50th ACM Technical Symposium on Computer Science Education},
 series = {SIGCSE '19},
 year = {2019},
 isbn = {978-1-4503-5890},
 location = {Minneapolis, Minnesota, USA},
 numpages = {7},
 url = {http://doi.acm.org/10.1145/3287324.3287510},
 doi = {10.1145/3159450.3162313},
 publisher = {ACM},
 address = {New York, NY, USA},
} 

@inproceedings{code-camp-survey-sigcse-2017,
 author = {DeWitt, Anita and Fay, Julia and Goldman, Madeleine and Nicolson, Eleanor and Oyolu, Linda and Resch, Lukas and Salda\~{n}a, Jovan Martinez and Sounalath, Soulideth and Williams, Tyler and Yetter, Kathryn and Zak, Elizabeth and Brown, Narren and Rebelsky, Samuel A.},
 title = {What We Say vs. What They Do: A Comparison of Middle-School Coding Camps in the CS Education Literature and Mainstream Coding Camps (Abstract Only)},
 booktitle = {Proceedings of the 2017 ACM SIGCSE Technical Symposium on Computer Science Education},
 series = {SIGCSE '17},
 year = {2017},
 isbn = {978-1-4503-4698-6},
 location = {Seattle, Washington, USA},
 pages = {707--707},
 numpages = {1},
 url = {http://doi.acm.org/10.1145/3017680.3022434},
 doi = {10.1145/3017680.3022434},
 acmid = {3022434},
 publisher = {ACM},
 address = {New York, NY, USA},
 keywords = {code camp, diversity, gender, middle school, outreach, race},
} 

@inproceedings{craft-of-code,
 author = {Bryant, Caelin and Gilmour, Jonathan and Herce-Hagiwara, Beatriz and Pham, Anh Thu and Remash, Halle and Remash, Marli and Zimmerman, Jonah and Dahlby Albright, Sarah and Rebelsky, Samuel A.},
 title = {The Craft of Code: Exposing Elementary Students to Computing Through Tangible Crafts (Poster)},
 booktitle = {Proceedings of the 49th ACM Technical Symposium on Computer Science Education},
 series = {SIGCSE '18},
 year = {2018},
 isbn = {978-1-4503-5103-4},
 location = {Baltimore, Maryland, USA},
 pages = {1080--1080},
 numpages = {1},
 url = {http://doi.acm.org/10.1145/3159450.3162321},
 doi = {10.1145/3159450.3162321},
 acmid = {3162321},
 publisher = {ACM},
 address = {New York, NY, USA},
 keywords = {3d models, block languages, code camp, elementary school, embroidery, outreach, turtlestitch, beetleblocks},
} 
